@article{Wiki:PET,
	title={{Wikipedia-Artikel zum Thema: Technik der Positronen-Emissions-Tomographie, Abschnitt 3: Wunsch und Wirklichkeit: Was will man messen und was wird gemessen?}},
	journal={Wikipedia: Die freie Enzyklopädie},
}

@article{Wiki:AFM,
	title={{Wikipedia-Artikel zum Thema: Rasterkraftmikroskopie}},
	journal={Wikipedia: Die freie Enzyklopädie},
}

@article{EMAUGreifswaldPKO,
	author={Praktikum für Fortgeschrittene, Praktikumsanleitung},
	title={Versuch 02: Positronen und Koinzidenzmessungen},
	journal={Ernst-Moritz-Arndt-Universität Greifswald, Institut für Physik},
}

@article{EMAUGreifswaldMIE,
	author={Praktikum für Fortgeschrittene, Praktikumsanleitung},
	title={Versuch 03: Mie-Streuung},
	journal={Ernst-Moritz-Arndt-Universität Greifswald, Institut für Physik},
}

@article{TUDarmstadtPET,
	author={Praktikum für Fortgeschrittene, Praktikumsanleitung},
	title={Versuch 2.8-B:Grundlagen der Positronen-Emissions-Tomographie(PET)},
	journal={TU Darmstadt, Institut für Kernphysik},
}

@article{USiegenMIE,
	author={ Prof. Pietsch, M. Alhumaidi},
	title={ Röntgenreflektometrie/X-Ray reflection},
	journal={Universität Siegen, Arbeitsgruppe für Festkörperphysik, Masterpraktikum - Wintersemester 2015/2016},
}

@article{EMAUGreifswaldReflektron,
	author={Praktikum für Fortgeschrittene, Praktikumsanleitung},
	title={Versuch 04: Reflektron und tof-Massenspektrometrie},
	journal={Ernst-Moritz-Arndt-Universität Greifswald, Institut für Physik},
}

@article{UMainzReflektron,
	title={Die Paulfalle - Eine kurze Einführung},
	journal={Universität Mainz, Institut für Physik},
	note={Zu finden unter: \url{http://www.physik.uni-mainz.de/werth/calcium/ca_ptrap.html}, 15.11.2015},
}

@article{EMAUGreifswaldOHRot,
	author={Praktikum für Fortgeschrittene, Praktikumsanleitung},
	title={Versuch 05: OH-Rotationsspektroskopie},
	journal={Ernst-Moritz-Arndt-Universität Greifswald, Institut für Physik},
}

@article{WikiRotat,
	title={Mirkowellenspektroskopie},
	journal={Wikipedia, die freie Enzyklopädie},
	note={Zu finden unter: \url{https://de.wikipedia.org/wiki/Mikrowellenspektroskopie}, 23.11.2015},
}

@article{EMAUGreifswaldNMR,
	author={Praktikum für Fortgeschrittene, Praktikumsanleitung},
	title={Versuch 05: Kernspinresonanz-Spektroskopie},
	journal={Ernst-Moritz-Arndt-Universität Greifswald, Institut für Physik},
}

@article{TeachSpinNMR,
	author={TeachSpin},
	title={Geräteanleitung eines TeachSpin Kernspinresonanz-Spektroskopie Aufbaus},
	note={Kapitel I.Introduction, Abschnitt B.2 Theory, Rev.1.1 4/09},
}

@article{UAchenNMR,
	author={RWTH Aachen, Institut für Physik},
	title={Versuchsanleitung Physikalisches Praktikum zu NMR},
	note={zu finden unter \url{http://institut2a.physik.rwth-aachen.de/de/teaching/praktikum/Anleitungen/NMRscript.pdf}},
}

@article{SpinEcho,
	author={E. L. Hahn},
	title={Spin Echoes},
	journal={Physical Review, Volume 80 Number 4},
	location={University of Illinois, Urbana, Illinois, Physics Department},
	date={Recieved May 22,1950},
}


@article{Paul-FalleREF,
	author={H. Leuthner, G. Werth},
	title={Buffer-gas-cooled ion clouds in a classical Paul trap: Superimposed stability diagrams and trapping capacity investigations},
	journal={Applied Physics B},
	note={(Impact Factor: 1.86). 10/2013; 114(1-2):421-. DOI: 10.1007/s00340-013-5657-1},
}

@article{EarnPaul,
	author={S. Earnshaw},
	title={On the nature of the molecular forces which regulate the constitution of the luminiferous ether},
	journal={Trans. Camb. Phil. Soc, 7:97-112, 1842},
}

@article{Paul,
	author={W. Paul},
	title={Ein Ionenkäfig, Forschungsberichte des Wirtschafts- und Verkehrsministeriums},
	journal={Nordrhein-Westfalen, (451), 1958},
}

@article{Bruch,
	author={R. March, J. Todd}
	title={Practical Aspects of Mass Spectrometry},
	journal={1. Au, CRC, Press, New York, 1995},
}

@article{Bruch2,
	author={F. Roßbach}
	title={Nichtlineare Dynamik in der Paulschen Ionenfalle},
	journal={1995},
}

@article{EMAUGreifswaldPlasm,
	author={Praktikum für Fortgeschrittene, Praktikumsanleitung},
	title={Versuch: Kolloide Plasmen},
	journal={Ernst-Moritz-Arndt-Universität Greifswald, Institut für Physik},
}


@article{WignerRad,
	author={V.N. Tsytovich,Gregor Morfill,Sergey V. Vladimirov,Hubertus M. Thomas},
	title={Elementary Physics of Complex Plasmas},
	journal={Springer Science, Business Media, 05.12.2007 },
}

@article{Langmuir26,
	author={H.~M. Mott-Smith and Irving Langmuir},
	title={The Theory of Collectors in Gaseous Discharges},
	journal= PR,
	volume={28},
	year={1926},
	pages={727--763}
}

@article{Piel10,
	author={A. Piel},
	title={Plasma Physics - An Introduction to Laboratory, Space and Fusion Plasmas},
	publisher= {Springer},
	year={2010},
}

@article{Melzer94,
	author={Andr{\'e} Melzer and Thomas Trottenberg and Alexander Piel},
	title={Experimental Determination of the charge on dust particles forming Coulomb
	lattices},
	journal= PLA,
	volume={191},
	year={1994},
}

@article{Melzer12,
	author={Andre Melzer},
	title={Introduction to Colloidal (Dusty) Plasmas, Lecture Notes},
	edition={2},
	year={2012},
}

@article{Arp04,
	author={O. Arp and D. Block and A. Piel and A. Melzer},
	title={Dust Coulomb balls: Three-Dimensional Plasma Crystals},
	journal= PRL,
	volume={93},
	year={2004},
	pages={165004}
}
