@article{Wiki:PET,
				title={{Wikipedia-Artikel zum Thema: Technik der Positronen-Emissions-Tomographie, Abschnitt 3: Wunsch und Wirklichkeit: Was will man messen und was wird gemessen?}},
				journal={Wikipedia: Die freie Enzyklopädie},
}

@article{Wiki:AFM,
	title={{Wikipedia-Artikel zum Thema: Rasterkraftmikroskopie}},
	journal={Wikipedia: Die freie Enzyklopädie},
}

@article{EMAUGreifswaldPKO,
	author={Praktikum für Fortgeschrittene, Praktikumsanleitung},
	title={Versuch 03: Positronen und Koinzidenzmessungen},
	journal={Ernst-Moritz-Arndt-Universität Greifswald, Institut für Physik},
}

@article{EMAUGreifswaldMIE,
	author={Praktikum für Fortgeschrittene, Praktikumsanleitung},
	title={Versuch 03: Mie-Streuung},
	journal={Ernst-Moritz-Arndt-Universität Greifswald, Institut für Physik},
}

@article{TUDarmstadtPET,
	author={Praktikum für Fortgeschrittene, Praktikumsanleitung},
	title={Versuch 2.8-B:Grundlagen der Positronen-Emissions-Tomographie(PET)},
	journal={TU Darmstadt, Institut für Kernphysik},
}

@article{USiegenMIE,
				author={ Prof. Pietsch, M. Alhumaidi},
				title={ Röntgenreflektometrie/X-Ray reflection},
				journal={Universität Siegen, Arbeitsgruppe für Festkörperphysik, Masterpraktikum - Wintersemester 2015/2016},
}

@article{EMAUGreifswaldReflektron,
	author={Praktikum für Fortgeschrittene, Praktikumsanleitung},
	title={Versuch 04: Reflektron und tof-Massenspektrometrie},
	journal={Ernst-Moritz-Arndt-Universität Greifswald, Institut für Physik},
}

@article{UMainzReflektron,
	title={Die Paulfalle - Eine kurze Einführung},
	journal={Universität Mainz, Institut für Physik},
	note={Zu finden unter: \url{http://www.physik.uni-mainz.de/werth/calcium/ca_ptrap.html}, 15.11.2015},
}